%---------------------------------------------------------------------------%
%-                                                                         -%
%-                             Bibliography                                -%
%-                                                                         -%
%---------------------------------------------------------------------------%
@inproceedings{choi2012secure,
  title={Secure multi-party computation of boolean circuits with applications to privacy in on-line marketplaces},
  author={Choi, Seung Geol and Hwang, Kyung-Wook and Katz, Jonathan and Malkin, Tal and Rubenstein, Dan},
  booktitle={Cryptographersâ€™ Track at the RSA Conference},
  pages={416--432},
  year={2012},
  organization={Springer}
}

@inproceedings{yao1982protocols,
  title={Protocols for secure computations},
  author={Yao, Andrew C},
  booktitle={23rd annual symposium on foundations of computer science (sfcs 1982)},
  pages={160--164},
  year={1982},
  organization={IEEE}
}

@incollection{goldreich2019play,
  title={How to play any mental game, or a completeness theorem for protocols with honest majority},
  author={Goldreich, Oded and Micali, Silvio and Wigderson, Avi},
  booktitle={Providing Sound Foundations for Cryptography: On the Work of Shafi Goldwasser and Silvio Micali},
  pages={307--328},
  year={2019}
}

@inproceedings{almeida2018enforcing,
  title={Enforcing ideal-world leakage bounds in real-world secret sharing MPC frameworks},
  author={Almeida, Jos{\'e} Bacelar and Barbosa, Manuel and Barthe, Gilles and Pacheco, Hugo and Pereira, Vitor and Portela, Bernardo},
  booktitle={2018 IEEE 31st Computer Security Foundations Symposium (CSF)},
  pages={132--146},
  year={2018},
  organization={IEEE}
}

@inproceedings{rastogi2019textsc,
  title={$Wys*$: A DSL for Verified Secure Multi-party Computations},
  author={Rastogi, Aseem and Swamy, Nikhil and Hicks, Michael},
  booktitle={International Conference on Principles of Security and Trust},
  pages={99--122},
  year={2019},
  organization={Springer}
}

@inproceedings{backes2010computationally,
  title={Computationally sound abstraction and verification of secure multi-party computations},
  author={Backes, Michael and Maffei, Matteo and Mohammadi, Esfandiar},
  booktitle={IARCS Annual Conference on Foundations of Software Technology and Theoretical Computer Science (FSTTCS 2010)},
  year={2010},
  organization={Schloss Dagstuhl-Leibniz-Zentrum fuer Informatik}
}

@article{evans2017pragmatic,
  title={A pragmatic introduction to secure multi-party computation},
  author={Evans, David and Kolesnikov, Vladimir and Rosulek, Mike},
  journal={Foundations and Trends{\textregistered} in Privacy and Security},
  volume={2},
  number={2-3},
  year={2017}
}

@inproceedings{beaver1990round,
  title={The round complexity of secure protocols},
  author={Beaver, Donald and Micali, Silvio and Rogaway, Phillip},
  booktitle={Proceedings of the twenty-second annual ACM symposium on Theory of computing},
  pages={503--513},
  year={1990}
}

@inproceedings{pinkas2015phasing,
  title={Phasing: Private set intersection using permutation-based hashing},
  author={Pinkas, Benny and Schneider, Thomas and Segev, Gil and Zohner, Michael},
  booktitle={24th $\{$USENIX$\}$ Security Symposium ($\{$USENIX$\}$ Security 15)},
  pages={515--530},
  year={2015}
}

@inproceedings{bogdanov2008sharemind,
  title={Sharemind: A framework for fast privacy-preserving computations},
  author={Bogdanov, Dan and Laur, Sven and Willemson, Jan},
  booktitle={European Symposium on Research in Computer Security},
  pages={192--206},
  year={2008},
  organization={Springer}
}

@inproceedings{rastogi2014wysteria,
  title={Wysteria: A programming language for generic, mixed-mode multiparty computations},
  author={Rastogi, Aseem and Hammer, Matthew A and Hicks, Michael},
  booktitle={2014 IEEE Symposium on Security and Privacy},
  pages={655--670},
  year={2014},
  organization={IEEE}
}

@article{zahur2015obliv,
  title={Obliv-C: A Language for Extensible Data-Oblivious Computation.},
  author={Zahur, Samee and Evans, David},
  journal={IACR Cryptology ePrint Archive},
  volume={2015},
  number={1153},
  year={2015}
}

@article{rastogi2017wys,
  title={Wys*: A verified language extension for secure multi-party computations},
  author={Rastogi, Aseem and Swamy, Nikhil and Hicks, Michael},
  journal={arXiv preprint arXiv:1711.06467},
  year={2017}
}
%---------------------------------------------------------------------------%
