
@article{ZahurE15,
	author    = {Samee Zahur and
	David Evans},
	title     = {{Obliv-C}: {A} Language for Extensible Data-Oblivious Computation},
	journal   = {{IACR} Cryptol. ePrint Arch.},
	pages     = {1153},
	year      = {2015}
}
@inproceedings{RastogiMHH13,
  author    = {Aseem Rastogi and
               Piotr Mardziel and
               Michael Hicks and
               Matthew A. Hammer},
  title     = {Knowledge inference for optimizing secure multi-party computation},
  booktitle = {Proceedings of the {ACM} {SIGPLAN} Workshop on Programming Languages
               and Analysis for Security},
  pages     = {3--14},
  year      = {2013},
  doi       = {10.1145/2465106.2465117}
}

@article{SabelfeldS09,
  author    = {Andrei Sabelfeld and
               David Sands},
  title     = {Declassification: Dimensions and principles},
  journal   = {J. Comput. Secur.},
  volume    = {17},
  number    = {5},
  pages     = {517--548},
  year      = {2009},
  doi       = {10.3233/JCS-2009-0352}
}
@article{SabelfeldM03,
  author    = {Andrei Sabelfeld and
               Andrew C. Myers},
  title     = {Language-based information-flow security},
  journal   = {{IEEE} J. Sel. Areas Commun.},
  volume    = {21},
  number    = {1},
  pages     = {5--19},
  year      = {2003},
  doi       = {10.1109/JSAC.2002.806121}
}
@inproceedings{GoguenM82a,
  author    = {Joseph A. Goguen and
               Jos{\'{e}} Meseguer},
  title     = {Security Policies and Security Models},
  booktitle = {Proceedings of the {IEEE} Symposium on Security and Privacy},
  pages     = {11--20},
  year      = {1982},
  doi       = {10.1109/SP.1982.10014}
}
@article{DenningD77,
  author    = {Dorothy E. Denning and
               Peter J. Denning},
  title     = {Certification of Programs for Secure Information Flow},
  journal   = {Communications of the {ACM}},
  volume    = {20},
  number    = {7},
  pages     = {504--513},
  year      = {1977},
  doi       = {10.1145/359636.359712}
}
@inproceedings{Kerschbaum11,
  author    = {Florian Kerschbaum},
  title     = {Automatically optimizing secure computation},
  booktitle = {Proceedings of the 18th {ACM} Conference on Computer and Communications
               Security},
  pages     = {703--714},
  year      = {2011},
  doi       = {10.1145/2046707.2046786}
}

@article{King76,
  author    = {James C. King},
  title     = {Symbolic Execution and Program Testing},
  journal   = {Communications of the {ACM}},
  volume    = {19},
  number    = {7},
  pages     = {385--394},
  year      = {1976},
  doi       = {10.1145/360248.360252}
}
@inproceedings{BeaverMR90,
  author    = {Donald Beaver and
               Silvio Micali and
               Phillip Rogaway},
  title     = {The Round Complexity of Secure Protocols},
  booktitle = {Proceedings of the 22nd Annual {ACM} Symposium on Theory of Computing},
  pages     = {503--513},
  year      = {1990},
  doi       = {10.1145/100216.100287}
}

@article{VolpanoIS96,
  author    = {Dennis M. Volpano and
               Cynthia E. Irvine and
               Geoffrey Smith},
  title     = {A Sound Type System for Secure Flow Analysis},
  journal   = {Journal of Computer Security},
  volume    = {4},
  number    = {2/3},
  pages     = {167--188},
  year      = {1996},
  doi       = {10.3233/JCS-1996-42-304}
}
@article{EvenGL85,
  author    = {Shimon Even and
               Oded Goldreich and
               Abraham Lempel},
  title     = {A Randomized Protocol for Signing Contracts},
  journal   = {Commun. {ACM}},
  volume    = {28},
  number    = {6},
  pages     = {637--647},
  year      = {1985},
  doi       = {10.1145/3812.3818}
}
@inproceedings{mpcqsort,
  author    = {Koki Hamada and
               Ryo Kikuchi and
               Dai Ikarashi and
               Koji Chida and
               Katsumi Takahashi},
  title     = {Practically Efficient Multi-party Sorting Protocols from Comparison
               Sort Algorithms},
  booktitle = {Proceedings of the 15th International Conference on Information Security and Cryptology},
  volume    = {7839},
  pages     = {202--216},
  year      = {2012},
  doi       = {10.1007/978-3-642-37682-5\_15}
}
@misc{absent,
   author = {Jack Doerner},
   title = {The Absentminded Crypto Kit},
   howpublished = {\url{https://bitbucket.org/jackdoerner/absentminded-crypto-kit/}}
}
@inproceedings{sharemind,
  author    = {Dan Bogdanov and
               Sven Laur and
               Jan Willemson},
  title     = {Sharemind: {A} Framework for Fast Privacy-Preserving Computations},
  booktitle = {Proceedings of the 13th European Symposium on Research in Computer Security on Computer Security},
  volume    = {5283},
  pages     = {192--206},
  year      = {2008},
  doi       = {10.1007/978-3-540-88313-5\_13}
}
@inproceedings{grr3,
  author    = {Moni Naor and
               Benny Pinkas and
               Reuban Sumner},
  title     = {Privacy preserving auctions and mechanism design},
  booktitle = {Proceedings of the First {ACM} Conference on Electronic Commerce},
  pages     = {129--139},
  year      = {1999},
  doi       = {10.1145/336992.337028}
}

@inproceedings{LiuWNHS15,
  author    = {Chang Liu and
               Xiao Shaun Wang and
               Kartik Nayak and
               Yan Huang and
               Elaine Shi},
  title     = {{ObliVM}: {A} Programming Framework for Secure Computation},
  booktitle = {Proceedings of the {IEEE} Symposium on Security and Privacy},
  pages     = {359--376},
  year      = {2015},
  doi       = {10.1109/SP.2015.29}
}
@inproceedings{hycc18,
  author    = {Niklas B{\"{u}}scher and
               Daniel Demmler and
               Stefan Katzenbeisser and
               David Kretzmer and
               Thomas Schneider},
  title     = {{HyCC}: Compilation of Hybrid Protocols for Practical Secure Computation},
  booktitle = {Proceedings of the 2018 {ACM} {SIGSAC} Conference on Computer and
               Communications Security},
  pages     = {847--861},
  year      = {2018},
  doi       = {10.1145/3243734.3243786}
}
@article{ORAM,
  author    = {Oded Goldreich and
               Rafail Ostrovsky},
  title     = {Software Protection and Simulation on Oblivious RAMs},
  journal   = {Journal of the ACM},
  volume    = {43},
  number    = {3},
  pages     = {431--473},
  year      = {1996},
  doi       = {10.1145/233551.233553}
}
@inproceedings{fairplay04,
  author    = {Dahlia Malkhi and
               Noam Nisan and
               Benny Pinkas and
               Yaron Sella},
  title     = {Fairplay - Secure Two-Party Computation System},
  booktitle = {Proceedings of the 13th {USENIX} Security Symposium},
  pages     = {287--302},
  year      = {2004}
}
@inproceedings{BurkhartSMD10,
  author    = {Martin Burkhart and
               Mario Strasser and
               Dilip Many and
               Xenofontas A. Dimitropoulos},
  title     = {{SEPIA:} Privacy-Preserving Aggregation of Multi-Domain Network Events
               and Statistics},
  booktitle = {Proceedings of the 19th {USENIX} Security Symposium},
  pages     = {223--240},
  year      = {2010}
}
@inproceedings{NielsenS07,
  author    = {Janus Dam Nielsen and
               Michael I. Schwartzbach},
  title     = {A domain-specific programming language for secure multiparty computation},
  booktitle = {Proceedings of the 2007 Workshop on Programming Languages and Analysis
               for Security},
  pages     = {21--30},
  year      = {2007},
  doi       = {10.1145/1255329.1255333}
}
@inproceedings{DamgardGKN09,
  author    = {Ivan Damg{\aa}rd and
               Martin Geisler and
               Mikkel Kr{\o}igaard and
               Jesper Buus Nielsen},
  title     = {Asynchronous Multiparty Computation: Theory and Implementation},
  booktitle = {Proceedings of the 12th International Conference
               on Practice and Theory in Public Key Cryptography},
  pages     = {160--179},
  year      = {2009},
  doi       = {10.1007/978-3-642-00468-1\_10}
}
@inproceedings{Ben-DavidNP08,
  author    = {Assaf Ben{-}David and
               Noam Nisan and
               Benny Pinkas},
  title     = {{FairplayMP}: a system for secure multi-party computation},
  booktitle = {Proceedings of the 2008 {ACM} Conference on Computer and Communications
               Security},
  pages     = {257--266},
  year      = {2008},
  doi       = {10.1145/1455770.1455804}
}
@inproceedings{aby221,
  author    = {Arpita Patra and
               Thomas Schneider and
               Ajith Suresh and
               Hossein Yalame},
  title     = {{ABY2.0:} Improved Mixed-Protocol Secure Two-Party Computation},
  booktitle = {Proceedings of the 30th {USENIX} Security Symposium},
  pages     = {2165--2182},
  year      = {2021}
}
@inproceedings{MohasselR18,
  author    = {Payman Mohassel and
               Peter Rindal},
  title     = {{ABY}$^3$: {A} Mixed Protocol Framework for Machine Learning},
  booktitle = {Proceedings of the 2018 {ACM} {SIGSAC} Conference on Computer and
               Communications Security},
  pages     = {35--52},
  year      = {2018},
  doi       = {10.1145/3243734.3243760}
}
@inproceedings{Demmler0Z15,
  author    = {Daniel Demmler and
               Thomas Schneider and
               Michael Zohner},
  title     = {{ABY} - {A} Framework for Efficient Mixed-Protocol Secure Two-Party
               Computation},
  booktitle = {Proceedings of the 22nd Annual Network and Distributed System Security Symposium},
  year      = {2015}
}
@inproceedings{emp,
  author    = {Xiao Wang and
               Samuel Ranellucci and
               Jonathan Katz},
  title     = {Global-Scale Secure Multiparty Computation},
  booktitle = {Proceedings of the 2017 {ACM} {SIGSAC} Conference on Computer and
               Communications Security},
  pages     = {39--56},
  year      = {2017},
  doi       = {10.1145/3133956.3133979}
}

@misc{emp-toolkit16,
      author = {Xiao Wang and Alex J. Malozemoff and Jonathan Katz},
      title = {{EMP}-toolkit: Efficient MultiParty computation toolkit},
      howpublished = {\url{https://github.com/emp-toolkit}},
      year={2016}
    }
@inproceedings{freexor,
  author    = {Vladimir Kolesnikov and
               Thomas Schneider},
  title     = {Improved Garbled Circuit: Free {XOR} Gates and Applications},
  booktitle = {Proceedings of the 35th International Colloquium on Automata, Languages and Programming},
  volume    = {5126},
  pages     = {486--498},
  year      = {2008},
  doi       = {10.1007/978-3-540-70583-3\_40}
}
@inproceedings{frigate16,
  author    = {Benjamin Mood and
               Debayan Gupta and
               Henry Carter and
               Kevin R. B. Butler and
               Patrick Traynor},
  title     = {Frigate: {A} Validated, Extensible, and Efficient Compiler and Interpreter
               for Secure Computation},
  booktitle = {Proceedings of the {IEEE} European Symposium on Security and Privacy},
  pages     = {112--127},
  year      = {2016},
  doi       = {10.1109/EuroSP.2016.20}
}
@inproceedings{GMW,
  author    = {Oded Goldreich and
               Silvio Micali and
               Avi Wigderson},
  title     = {How to Play any Mental Game or {A} Completeness Theorem for Protocols
               with Honest Majority},
  booktitle = {Proceedings of the 19th Annual {ACM} Symposium on Theory of Computing},
  pages     = {218--229},
  year      = {1987},
  doi       = {10.1145/28395.28420}
}
@inproceedings{halfgate,
  author    = {Samee Zahur and
               Mike Rosulek and
               David Evans},
  title     = {Two Halves Make a Whole - Reducing Data Transfer in Garbled Circuits
               Using Half Gates},
  booktitle = {Proceedings of the 34th Annual International
               Conference on the Theory and Applications of Cryptographic Techniques},
  volume    = {9057},
  pages     = {220--250},
  year      = {2015},
  doi       = {10.1007/978-3-662-46803-6\_8}
}
@inproceedings{kol,
  author    = {Vladimir Kolesnikov and
               Ranjit Kumaresan and
               Mike Rosulek and
               Ni Trieu},
  title     = {Efficient Batched Oblivious {PRF} with Applications to Private Set
               Intersection},
  booktitle = {Proceedings of the 2016 {ACM} {SIGSAC} Conference on Computer and
               Communications Security},
  pages     = {818--829},
  year      = {2016},
  doi       = {10.1145/2976749.2978381}
}

@inproceedings{Andreea21,
  author    = {Ionita Andreea},
  title     = {Private Set Intersection: Past, Present and Future},
  booktitle = {Proceedings of the 18th International Conference on Security and Cryptography},
  pages     = {680--685},
  year      = {2021},
  doi       = {10.5220/0010525806800685}
}
@article{GoldreichO96,
  author    = {Oded Goldreich and
               Rafail Ostrovsky},
  title     = {Software Protection and Simulation on Oblivious RAMs},
  journal   = {Journal of the {ACM}},
  volume    = {43},
  number    = {3},
  pages     = {431--473},
  year      = {1996},
  doi       = {10.1145/233551.233553}
}
@inproceedings{mpcleak18,
  author    = {Jos{\'{e}} Bacelar Almeida and
               Manuel Barbosa and
               Gilles Barthe and
               Hugo Pacheco and
               Vitor Pereira and
               Bernardo Portela},
  title     = {Enforcing Ideal-World Leakage Bounds in Real-World Secret Sharing
               {MPC} Frameworks},
  booktitle = {Proceedings of the 31st {IEEE} Computer Security Foundations Symposium},
  pages     = {132--146},
  year      = {2018},
  doi       = {10.1109/CSF.2018.00017}
}

@MISC{llvm,
  title =        {The {LLVM} Compiler Infrastructure},
  howpublished = {\url{https://llvm.org}}
}
@MISC{C2Python,
  author =       {Daniel Lester Saldanha and Abhiram Prakash Alamuri},
  title =        {{C} to {Python} Translator},
  howpublished = {\url{https://github.com/DAN-329/C_to_Python_translator}}
}

@inproceedings{CadarDE08,
  author    = {Cristian Cadar and
               Daniel Dunbar and
               Dawson R. Engler},
  title     = {{KLEE:} Unassisted and Automatic Generation of High-Coverage Tests
               for Complex Systems Programs},
  booktitle = {Proceedings of the 8th {USENIX} Symposium on Operating Systems Design and Implementation},
  pages     = {209--224},
  year      = {2008}
}
@inproceedings{BalatsourasS16,
  author    = {George Balatsouras and
               Yannis Smaragdakis},
  title     = {Structure-Sensitive Points-To Analysis for {C} and {C++}},
  booktitle = {Proceedings of the 23rd International Symposium on Static Analysis},
  pages     = {84--104},
  year      = {2016},
  doi       = {10.1007/978-3-662-53413-7\_5}
}

@article{BartheDR11,
  author    = {Gilles Barthe and
               Pedro R. D'Argenio and
               Tamara Rezk},
  title     = {Secure information flow by self-composition},
  journal   = {Mathematical Structures in Computer Science},
  volume    = {21},
  number    = {6},
  pages     = {1207--1252},
  year      = {2011},
  doi       = {10.1017/S0960129511000193}
}
@inproceedings{AmtoftBB06,
  author    = {Torben Amtoft and
               Sruthi Bandhakavi and
               Anindya Banerjee},
  title     = {A logic for information flow in object-oriented programs},
  booktitle = {Proceedings of the 33rd {ACM} {SIGPLAN-SIGACT} Symposium on Principles
               of Programming Languages},
  pages     = {91--102},
  year      = {2006},
  doi       = {10.1145/1111037.1111046}
}

@inproceedings{BartheCK11,
  author    = {Gilles Barthe and
               Juan Manuel Crespo and
               C{\'{e}}sar Kunz},
  title     = {Relational Verification Using Product Programs},
  booktitle = {Proceedings of the 17th International Symposium on Formal Methods},
  pages     = {200--214},
  year      = {2011},
  doi       = {10.1007/978-3-642-21437-0\_17}
}
@inproceedings{HemenwayLOW16,
  author    = {Brett Hemenway and
               Steve Lu and
               Rafail Ostrovsky and
               William Welser IV},
  title     = {High-Precision Secure Computation of Satellite Collision Probabilities},
  booktitle = {Proceedings of the 10th International Conference Security and Cryptography for Networks},
  pages     = {169--187},
  year      = {2016},
  doi       = {10.1007/978-3-319-44618-9\_9}
}
@inproceedings{ChaumCD88,
  author    = {David Chaum and
               Claude Cr{\'{e}}peau and
               Ivan Damg{\aa}rd},
  title     = {Multiparty Unconditionally Secure Protocols (Extended Abstract)},
  booktitle = {Proceedings of the 20th Annual {ACM} Symposium on Theory of Computing},
  pages     = {11--19},
  year      = {1988},
  doi       = {10.1145/62212.62214}
}
@inproceedings{BogetoftDJNPT06,
  author    = {Peter Bogetoft and
               Ivan Damg{\aa}rd and
               Thomas P. Jakobsen and
               Kurt Nielsen and
               Jakob Pagter and
               Tomas Toft},
  title     = {A Practical Implementation of Secure Auctions Based on Multiparty
               Integer Computation},
  booktitle = {Proceedings of the 10th International Conference on Financial Cryptography and Data Security},
  pages     = {142--147},
  year      = {2006},
  doi       = {10.1007/11889663\_10}
}
@inproceedings{ChenFD17,
  author    = {Jia Chen and
               Yu Feng and
               Isil Dillig},
  title     = {Precise Detection of Side-Channel Vulnerabilities using Quantitative
               Cartesian Hoare Logic},
  booktitle = {Proceedings of the 2017 {ACM} {SIGSAC} Conference on Computer and
               Communications Security},
  pages     = {875--890},
  year      = {2017},
  doi       = {10.1145/3133956.3134058}
}
@inproceedings{SousaD16,
  author    = {Marcelo Sousa and
               Isil Dillig},
  title     = {Cartesian hoare logic for verifying k-safety properties},
  booktitle = {Proceedings of the 37th {ACM} {SIGPLAN} Conference on Programming
               Language Design and Implementation},
  pages     = {57--69},
  year      = {2016},
  doi       = {10.1145/2908080.2908092}
}
@inproceedings{AlmeidaBBDE16,
  author    = {Jos{\'{e}} Bacelar Almeida and
               Manuel Barbosa and
               Gilles Barthe and
               Fran{\c{c}}ois Dupressoir and
               Michael Emmi},
  title     = {Verifying Constant-Time Implementations},
  booktitle = {Proceedings of the 25th {USENIX} Security Symposium},
  pages     = {53--70},
  year      = {2016}
}
@inproceedings{YangVSGM18,
  author    = {Weikun Yang and
               Yakir Vizel and
               Pramod Subramanyan and
               Aarti Gupta and
               Sharad Malik},
  title     = {Lazy Self-composition for Security Verification},
  booktitle = {Proceedings of the 30th International Conference on Computer Aided Verification},
  pages     = {136--156},
  year      = {2018},
  doi       = {10.1007/978-3-319-96142-2\_11}
}
@inproceedings{TerauchiA05,
  author    = {Tachio Terauchi and
               Alexander Aiken},
  title     = {Secure Information Flow as a Safety Problem},
  booktitle = {Proceedings of the 12th International Symposium on Static Analysis},
  pages     = {352--367},
  year      = {2005},
  doi       = {10.1007/11547662\_24}
}
@inproceedings{LiZ05,
  author    = {Peng Li and
               Steve Zdancewic},
  title     = {Downgrading policies and relaxed noninterference},
  booktitle = {Proceedings of the 32nd {ACM} {SIGPLAN-SIGACT} Symposium on Principles
               of Programming Languages},
  pages     = {158--170},
  year      = {2005},
  doi       = {10.1145/1040305.1040319}
}
@inproceedings{CauligiSJBWRGBJ19,
  author    = {Sunjay Cauligi and
               Gary Soeller and
               Brian Johannesmeyer and
               Fraser Brown and
               Riad S. Wahby and
               John Renner and
               Benjamin Gr{\'{e}}goire and
               Gilles Barthe and
               Ranjit Jhala and
               Deian Stefan},
  title     = {FaCT: a {DSL} for timing-sensitive computation},
  booktitle = {Proceedings of the 40th {ACM} {SIGPLAN} Conference on Programming
               Language Design and Implementation},
  pages     = {174--189},
  year      = {2019},
  doi       = {10.1145/3314221.3314605}
}
@inproceedings{HuntS06,
  author    = {Sebastian Hunt and
               David Sands},
  title     = {On flow-sensitive security types},
  booktitle = {Proceedings of the 33rd {ACM} {SIGPLAN-SIGACT} Symposium on Principles
               of Programming Languages},
  pages     = {79--90},
  year      = {2006},
  doi       = {10.1145/1111037.1111045}
}
@article{WattRPCS19,
  author    = {Conrad Watt and
               John Renner and
               Natalie Popescu and
               Sunjay Cauligi and
               Deian Stefan},
  title     = {CT-wasm: type-driven secure cryptography for the web ecosystem},
  journal   = {Proc. {ACM} Program. Lang.},
  volume    = {3},
  number    = {{POPL}},
  pages     = {77:1--77:29},
  year      = {2019},
  doi       = {10.1145/3290390}
}
@inproceedings{Agat00,
  author    = {Johan Agat},
  title     = {Transforming Out Timing Leaks},
  booktitle = {Proceedings of the 27th {ACM} {SIGPLAN-SIGACT} Symposium
               on Principles of Programming Languages},
  pages     = {40--53},
  year      = {2000},
  doi       = {10.1145/325694.325702}
}
@article{EvansKR18,
  author    = {David Evans and
               Vladimir Kolesnikov and
               Mike Rosulek},
  title     = {A Pragmatic Introduction to Secure Multi-Party Computation},
  journal   = {Foundations and Trends in Privacy and Security},
  volume    = {2},
  number    = {2-3},
  pages     = {70--246},
  year      = {2018},
  doi       = {10.1561/3300000019}
}
@inproceedings{mpcsok,
  author    = {Marcella Hastings and
               Brett Hemenway and
               Daniel Noble and
               Steve Zdancewic},
  title     = {SoK: General Purpose Compilers for Secure Multi-Party Computation},
  booktitle = {Proceedings of the 2019 {IEEE} Symposium on Security and Privacy},
  pages     = {1220--1237},
  year      = {2019},
  doi       = {10.1109/SP.2019.00028}
}

@MISC{benchmarks,
  title =        {The source code of our benchmarks},
  howpublished = {\url{https://github.com/SPoS4/PoS4MPC}},
  year =         {2022}
}

@inproceedings{HHNZ19,
  author    = {Marcella Hastings and
               Brett Hemenway and
               Daniel Noble and
               Steve Zdancewic},
  title     = {SoK: General Purpose Compilers for Secure Multi-Party Computation},
  booktitle = {Proceedings of the 2019 {IEEE} Symposium on Security and Privacy},
  pages     = {1220--1237},
  year      = {2019},
  doi       = {10.1109/SP.2019.00028}
}

@MISC{MPyC20,
  author =       {Berry Schoenmakers},
  title =        {{MPyC}: Secure multiparty computation in Python},
  howpublished = {\url{https://github.com/lschoe/mpyc}},
  year =         {2020}
}
@book{Knuth73,
  author    = {Donald E. Knuth},
  title     = {The Art of Computer Programming, Volume {III:} Sorting and Searching},
  publisher = {Addison-Wesley},
  year      = {1973},
  isbn      = {0-201-03803-X}
}
@inproceedings{pasapto,
  author    = {Andreas Fischer and
               Jonas Janneck and
               J{\"{o}}rn Kussmaul and
               Nikolas Kr{\"{a}}tzschmar and
               Florian Kerschbaum and
               Eric Bodden},
  title     = {{PASAPTO:} Policy-aware Security and Performance Trade-off Analysis-Computation
               on Encrypted Data with Restricted Leakage},
  booktitle = {Proceedings of the 33rd {IEEE} Computer Security Foundations Symposium},
  pages     = {230--245},
  year      = {2020},
  doi       = {10.1109/CSF49147.2020.00024}
}
@inproceedings{SchropferKM11,
  author    = {Axel Schr{\"{o}}pfer and
               Florian Kerschbaum and
               G{\"{u}}nter M{\"{u}}ller},
  title     = {{L1} - An Intermediate Language for Mixed-Protocol Secure Computation},
  booktitle = {Proceedings of the 35th Annual {IEEE} International Computer Software
               and Applications Conference},
  pages     = {298--307},
  year      = {2011},
  doi       = {10.1109/COMPSAC.2011.46}
}
@inproceedings{LiuHSKH14,
  author    = {Chang Liu and
               Yan Huang and
               Elaine Shi and
               Jonathan Katz and
               Michael W. Hicks},
  title     = {Automating Efficient RAM-Model Secure Computation},
  booktitle = {Proceedings of the {IEEE} Symposium on Security and Privacy},
  pages     = {623--638},
  year      = {2014},
  doi       = {10.1109/SP.2014.46}
}

@inproceedings{Mitchell0SZ12,
  author    = {John C. Mitchell and
               Rahul Sharma and
               Deian Stefan and
               Joe Zimmerman},
  title     = {Information-Flow Control for Programming on Encrypted Data},
  booktitle = {Proceedings of the 25th {IEEE} Computer Security Foundations Symposium},
  pages     = {45--60},
  year      = {2012},
  doi       = {10.1109/CSF.2012.30}
}
@inproceedings{LaudR15,
  author    = {Peeter Laud and
               Jaak Randmets},
  title     = {A Domain-Specific Language for Low-Level Secure Multiparty Computation Protocols},
  booktitle = {Proceedings of the 22nd {ACM} {SIGSAC} Conference on Computer and
               Communications Security},
  pages     = {1492--1503},
  year      = {2015},
  doi       = {10.1145/2810103.2813664}
}
@inproceedings{HeneckaKSSW10,
  author    = {Wilko Henecka and
               Stefan K{\"{o}}gl and
               Ahmad{-}Reza Sadeghi and
               Thomas Schneider and
               Immo Wehrenberg},
  title     = {{TASTY:} tool for automating secure two-party computations},
  booktitle = {Proceedings of the 17th {ACM} Conference on Computer and Communications
               Security},
  pages     = {451--462},
  year      = {2010},
  doi       = {10.1145/1866307.1866358}
}
@inproceedings{BogdanovLR14,
  author    = {Dan Bogdanov and
               Peeter Laud and
               Jaak Randmets},
  title     = {Domain-Polymorphic Programming of Privacy-Preserving Applications},
  booktitle = {Proceedings of the Ninth Workshop on Programming Languages and Analysis
               for Security},
  pages     = {53},
  year      = {2014},
  doi       = {10.1145/2637113.2637119}
}
@inproceedings{HolzerFKV12,
  author    = {Andreas Holzer and
               Martin Franz and
               Stefan Katzenbeisser and
               Helmut Veith},
  title     = {Secure two-party computations in {ANSI} {C}},
  booktitle = {Proceedings of the {ACM} Conference on Computer and Communications Security},
  pages     = {772--783},
  year      = {2012},
  doi       = {10.1145/2382196.2382278}
}
@inproceedings{RastogiHH14,
  author    = {Aseem Rastogi and
               Matthew A. Hammer and
               Michael Hicks},
  title     = {Wysteria: {A} Programming Language for Generic, Mixed-Mode Multiparty
               Computations},
  booktitle = {Proceedings of the {IEEE} Symposium on Security and Privacy},
  pages     = {655--670},
  year      = {2014},
  doi       = {10.1109/SP.2014.48}
}

@inproceedings{RastogiSH19,
  author    = {Aseem Rastogi and
               Nikhil Swamy and
               Michael Hicks},
  title     = {Wys*: {A} {DSL} for Verified Secure Multi-party Computations},
  booktitle = {Proceedings of the 8th International Conference on Principles of Security and Trust},
  pages     = {99--122},
  year      = {2019},
  doi       = {10.1007/978-3-030-17138-4\_5}
}
@inproceedings{SonghoriHS0K15,
  author    = {Ebrahim M. Songhori and
               Siam U. Hussain and
               Ahmad{-}Reza Sadeghi and
               Thomas Schneider and
               Farinaz Koushanfar},
  title     = {{TinyGarble}: Highly Compressed and Scalable Sequential Garbled Circuits},
  booktitle = {Proceedings of the {IEEE} Symposium on Security and Privacy},
  pages     = {411--428},
  year      = {2015},
  doi       = {10.1109/SP.2015.32}
}
@inproceedings{BogdanovLW08,
  author    = {Dan Bogdanov and
               Sven Laur and
               Jan Willemson},
  title     = {Sharemind: {A} Framework for Fast Privacy-Preserving Computations},
  booktitle = {Proceedings of the 13th European Symposium on Research
               in Computer Security},
  pages     = {192--206},
  year      = {2008},
  doi       = {10.1007/978-3-540-88313-5\_13}
}
@inproceedings{picco13,
  author    = {Yihua Zhang and
               Aaron Steele and
               Marina Blanton},
  title     = {{PICCO:} a general-purpose compiler for private distributed computation},
  booktitle = {Proceedings of the 2013 {ACM} {SIGSAC} Conference on Computer and Communications Security},
  pages     = {813--826},
  year      = {2013},
  doi       = {10.1145/2508859.2516752}
}
@article{pssz,
  author    = {Benny Pinkas and
               Thomas Schneider and
               Michael Zohner},
  title     = {Scalable Private Set Intersection Based on {OT} Extension},
  journal   = {{ACM} Trans. Priv. Secur.},
  volume    = {21},
  number    = {2},
  pages     = {7:1--7:35},
  year      = {2018},
  url       = {https://doi.org/10.1145/3154794},
  doi       = {10.1145/3154794}
}

@inproceedings{securedata,
  author    = {Rishabh Poddar and
               Sukrit Kalra and
               Avishay Yanai and
               Ryan Deng and
               Raluca Ada Popa and
               Joseph M. Hellerstein},
  title     = {Senate: {A} Maliciously-Secure {MPC} Platform for Collaborative Analytics},
  booktitle = {Proceedings of the  30th {USENIX} Security Symposium},
  pages     = {2129--2146},
  year      = {2021}
}
@inproceedings{ChandranGRST19,
  author    = {Nishanth Chandran and
               Divya Gupta and
               Aseem Rastogi and
               Rahul Sharma and
               Shardul Tripathi},
  title     = {EzPC: Programmable and Efficient Secure Two-Party Computation for
               Machine Learning},
  booktitle = {Proceedings of the {IEEE} European Symposium on Security and Privacy},
  pages     = {496--511},
  year      = {2019},
  doi       = {10.1109/EuroSP.2019.00043}
}
@inproceedings{secureml,
  author    = {Payman Mohassel and
               Yupeng Zhang},
  title     = {{SecureML}: {A} System for Scalable Privacy-Preserving Machine Learning},
  booktitle = {Proceedings of the  2017 {IEEE} Symposium on Security and Privacy},
  pages     = {19--38},
  publisher = {{IEEE} Computer Society},
  year      = {2017},
  doi       = {10.1109/SP.2017.12}
}

@article{securenn,
  author    = {Sameer Wagh and
               Divya Gupta and
               Nishanth Chandran},
  title     = {SecureNN: Efficient and Private Neural Network Training},
  journal   = {{IACR} Cryptol. ePrint Arch.},
  pages     = {442},
  year      = {2018}
}
@article{Shamir79,
  author    = {Adi Shamir},
  title     = {How to Share a Secret},
  journal   = {Commun. {ACM}},
  volume    = {22},
  number    = {11},
  pages     = {612--613},
  year      = {1979},
  doi       = {10.1145/359168.359176}
}
@inproceedings{SHE,
  author    = {Ivan Damg{\aa}rd and
               Valerio Pastro and
               Nigel P. Smart and
               Sarah Zakarias},
  title     = {Multiparty Computation from Somewhat Homomorphic Encryption},
  booktitle = {Proceedings of the 32nd Annual International Cryptology Conference},
  volume    = {7417},
  pages     = {643--662},
  year      = {2012},
  doi       = {10.1007/978-3-642-32009-5\_38}
}

@inproceedings{spdz20,
  author    = {Marcel Keller},
  title     = {{MP-SPDZ:} {A} Versatile Framework for Multi-Party Computation},
  booktitle = {Proceedings of the 2020 {ACM} {SIGSAC} Conference on Computer and Communications Security},
  pages     = {1575--1590},
  year      = {2020},
  doi       = {10.1145/3372297.3417872}
}
@inproceedings{Yao86,
  author    = {Andrew Chi{-}Chih Yao},
  title     = {How to Generate and Exchange Secrets (Extended Abstract)},
  booktitle = {Proceedings of the 27th Annual Symposium on Foundations of Computer Science},
  pages     = {162--167},
  year      = {1986},
  doi       = {10.1109/SFCS.1986.25}
}
@inproceedings{triple,
  author    = {Donald Beaver},
  title     = {Efficient Multiparty Protocols Using Circuit Randomization},
  booktitle = {Proceedings of the 11th Annual International Cryptology Conference},
  volume    = {576},
  pages     = {420--432},
  year      = {1991},
  doi       = {10.1007/3-540-46766-1\_34}
}

@inproceedings{yao82,
  author    = {Andrew Chi{-}Chih Yao},
  title     = {Protocols for Secure Computations},
  booktitle = {Proceedings of the 23rd Annual Symposium on Foundations of Computer Science},
  pages     = {160--164},
  year      = {1982},
  doi       = {10.1109/SFCS.1982.38}
}
